<?xml version="1.0" encoding="UTF-8"?><record xmlns="http://www.loc.gov/MARC21/slim" xmlns:cinclude="http://apache.org/cocoon/include/1.0" xmlns:zs="http://www.loc.gov/zing/srw/">
  <leader>00321nz  a2200121n  4500</leader>
  <controlfield tag="001">no 92007653 </controlfield>
  <controlfield tag="003">DLC</controlfield>
  <controlfield tag="005">19920324173455.1</controlfield>
  <controlfield tag="008">920323n| acannaab|          |n aaa     c</controlfield>
  <datafield tag="010" ind1=" " ind2=" ">
    <subfield code="a">no 92007653 </subfield>
  </datafield>
  <datafield tag="040" ind1=" " ind2=" ">
    <subfield code="a">InU-Mu</subfield>
    <subfield code="c">InU-Mu</subfield>
  </datafield>
  <datafield tag="100" ind1="1" ind2="0">
    <subfield code="a">Suddards, Elizabeth</subfield>
  </datafield>
  <datafield tag="670" ind1=" " ind2=" ">
    <subfield code="a">Her Pair of dandy lions, c1958:</subfield>
    <subfield code="b">cover (Elizabeth Suddards)</subfield>
  </datafield>
</record>